@book{Rieck,
    title = {Acta Cryst. B24},
    author = {D. Rieck, J. J. M. Thijssen},
    year = {1968},
    publisher = {Technological University Eindhoven},
    pages = {982},
}
%G. D. Rieck, J. J. M. Thijssen; Acta Cryst. B24 (1968) 982.

@book{Müller,
    title = {Anorganische Strukturchemie},
    author = {U. Müller},
    year = {2008},
    publisher = {Vieweg+Teubner},
    pages = {}
}

@book{History,
    title = {Synthesis, Properties and Mineralogy of Important Inorganic Materials},
    author = {T.E. Warner},
    year = {2011},
    publisher = {John Wiley & Sons},
    pages = {109}
}