@book{Abk,
    title = {},
    author = {},
    year = {},
    publisher = {},
    address = {},
    pages = {}
}

@book{Abk,
    title = {},
    author = {},
    year = {},
    publisher = {},
    address = {},
    pages = {}
}